@Book{Pewsey2014,
  Title                    = {Circular Statistics in R},
  Author                   = {Arthur Pewsey and Markus Neuhauser and Graeme D Ruxton},
  Publisher                = {Oxford University Press},
  Year                     = {2014},
}

@Book{Fisher1993,
  Title                    = {Statistical Analysis of Circular Data},
  Author                   = {N. I. Fisher},
  Publisher                = {Cambridge University Press},
  Year                     = {1993},
}

@Article{Pewsey2004,
  Title                    = {The large-sample joint distribution of key circular statistics},
  Author                   = {Pewsey, Arthur},
  Journal                  = {Metrika},
  Year                     = {2004},
  Number                   = {1},
  Pages                    = {25-32},
  Volume                   = {60},
  Publisher                = {Springer-Verlag},
}

@Article{Best1981,
  Title                    = {The BIAS of the maximum likelihood estimators of the von mises-fisher concentration parameters},
  Author                   = { D.J Best and N.I Fisher },
  Journal                  = {Communications in Statistics - Simulation and Computation},
  Year                     = {1981},
  Number                   = {5},
  Pages                    = {493-502},
  Volume                   = {10},
}

@Article{Pewsey2002,
  Title                    = {Testing circular symmetry},
  Author                   = {Pewsey, Arthur},
  Journal                  = {Canadian Journal of Statistics},
  Year                     = {2002},
  Number                   = {4},
  Pages                    = {591--600},
  Volume                   = {30},
  Publisher                = {Wiley-Blackwell},
}
